@misc{HowmanyG87:online,
author = {},
title = {How many Golf Holes are there in the World? Answer 576,534 - Scottish Golf History},
howpublished = {\url{http://www.scottishgolfhistory.org/news/how-many-golf-holes-are-there-in-the-world/}},
month = {},
year = {},
note = {(Accessed on 2020-01-28)}
}

@book{rojas2013neural,
  title={Neural networks: a systematic introduction},
  author={Rojas, Ra{\'u}l},
  year={2013},
  publisher={Springer Science \& Business Media}
}

@article{lecun2015deep,
  title={Deep learning},
  author={LeCun, Yann and Bengio, Yoshua and Hinton, Geoffrey},
  journal={nature},
  volume={521},
  number={7553},
  pages={436--444},
  year={2015},
  publisher={Nature Publishing Group}
}

@incollection{bottou2010large,
  title={Large-scale machine learning with stochastic gradient descent},
  author={Bottou, L{\'e}on},
  booktitle={Proceedings of COMPSTAT'2010},
  pages={177--186},
  year={2010},
  publisher={Springer}
}

@book{Goodfellow-et-al-2016,
    title={Deep Learning},
    author={Ian Goodfellow and Yoshua Bengio and Aaron Courville},
    publisher={MIT Press},
    note={\url{http://www.deeplearningbook.org}},
    year={2016}
}

@article{ioffe2015batch,
  title={Batch normalization: Accelerating deep network training by reducing internal covariate shift},
  author={Ioffe, Sergey and Szegedy, Christian},
  journal={arXiv preprint arXiv:1502.03167},
  year={2015}
}

@book{sutton1998introduction,
  title={Introduction to reinforcement learning},
  author={Sutton, Richard S and Barto, Andrew G and others},
  volume={135},
  year={1998},
  publisher={MIT press Cambridge}
}

@article{lillicrap2015continuous,
  title={Continuous control with deep reinforcement learning},
  author={Lillicrap, Timothy P and Hunt, Jonathan J and Pritzel, Alexander and Heess, Nicolas and Erez, Tom and Tassa, Yuval and Silver, David and Wierstra, Daan},
  journal={arXiv preprint arXiv:1509.02971},
  year={2015}
}

@article{watkins1992q,
  title={Q-learning},
  author={Watkins, Christopher JCH and Dayan, Peter},
  journal={Machine learning},
  volume={8},
  number={3-4},
  pages={279--292},
  year={1992},
  publisher={Springer}
}

@inproceedings{van2016deep,
  title={Deep reinforcement learning with double q-learning},
  author={Van Hasselt, Hado and Guez, Arthur and Silver, David},
  booktitle={Thirtieth AAAI conference on artificial intelligence},
  year={2016}
}

@inproceedings{tsitsiklis1997analysis,
  title={Analysis of temporal-diffference learning with function approximation},
  author={Tsitsiklis, John N and Van Roy, Benjamin},
  booktitle={Advances in neural information processing systems},
  pages={1075--1081},
  year={1997}
}

@article{mnih2015human,
  title={Human-level control through deep reinforcement learning},
  author={Mnih, Volodymyr and Kavukcuoglu, Koray and Silver, David and Rusu, Andrei A and Veness, Joel and Bellemare, Marc G and Graves, Alex and Riedmiller, Martin and Fidjeland, Andreas K and Ostrovski, Georg and others},
  journal={Nature},
  volume={518},
  number={7540},
  pages={529--533},
  year={2015},
  publisher={Nature Publishing Group}
}

@article{lin1992self,
  title={Self-improving reactive agents based on reinforcement learning, planning and teaching},
  author={Lin, Long-Ji},
  journal={Machine learning},
  volume={8},
  number={3-4},
  pages={293--321},
  year={1992},
  publisher={Springer}
}

@misc{CommonLo62:online,
author = {},
title = {Common Loss functions in machine learning - Towards Data Science},
howpublished = {\url{https://towardsdatascience.com/common-loss-functions-in-machine-learning-46af0ffc4d23}},
month = {},
year = {},
note = {(Accessed on 2020-02-10)}
}

@inproceedings{hasselt2010double,
  title={Double Q-learning},
  author={Hasselt, Hado V},
  booktitle={Advances in neural information processing systems},
  pages={2613--2621},
  year={2010}
}

@article{wang2015dueling,
  title={Dueling network architectures for deep reinforcement learning},
  author={Wang, Ziyu and Schaul, Tom and Hessel, Matteo and Van Hasselt, Hado and Lanctot, Marc and De Freitas, Nando},
  journal={arXiv preprint arXiv:1511.06581},
  year={2015}
}

@article{xiong2018parametrized,
  title={Parametrized deep q-networks learning: Reinforcement learning with discrete-continuous hybrid action space},
  author={Xiong, Jiechao and Wang, Qing and Yang, Zhuoran and Sun, Peng and Han, Lei and Zheng, Yang and Fu, Haobo and Zhang, Tong and Liu, Ji and Liu, Han},
  journal={arXiv preprint arXiv:1810.06394},
  year={2018}
}

@article{bester2019mpdqn,
	author    = {Bester, Craig J. and James, Steven D. and Konidaris, George D.},
	title     = {Multi-Pass {Q}-Networks for Deep Reinforcement Learning with Parameterised Action Spaces},
	journal   = {arXiv preprint arXiv:1905.04388},
	year      = {2019},
	archivePrefix = {arXiv},
	eprinttype    = {arxiv},
	eprint    = {1905.04388},
	url       = {http://arxiv.org/abs/1905.04388},
}

@article{vinyals2019grandmaster,
  title={Grandmaster level in StarCraft II using multi-agent reinforcement learning},
  author={Vinyals, Oriol and Babuschkin, Igor and Czarnecki, Wojciech M and Mathieu, Micha{\"e}l and Dudzik, Andrew and Chung, Junyoung and Choi, David H and Powell, Richard and Ewalds, Timo and Georgiev, Petko and others},
  journal={Nature},
  volume={575},
  number={7782},
  pages={350--354},
  year={2019},
  publisher={Nature Publishing Group}
}

@misc{ArccosGo0:online,
author = {},
title = {Arccos Golf - The \#1 Golf Performance Tracking System â€“ Arccos Golf EU},
howpublished = {\url{https://eu.arccosgolf.com/}},
month = {},
year = {},
note = {(Accessed on 2020-02-17)}
}

@misc{HelloBir63:online,
author = {},
title = {Hello Birdie Golf - Golf GPS and Smart Virtual Caddie with Game planner},
howpublished = {\url{https://www.hello-birdie.com/en/}},
month = {},
year = {},
note = {(Accessed on 2020-02-17)}
}

@phdthesis{ko2012simulation,
  title={A simulation model to analyze the impact of golf skills and a scenario-based approach to options portfolio optimization},
  author={Ko, Soonmin},
  year={2012},
  school={Columbia University}
}

@article{delalleau2019discrete,
  title={Discrete and Continuous Action Representation for Practical RL in Video Games},
  author={Delalleau, Olivier and Peter, Maxim and Alonso, Eloi and Logut, Adrien},
  journal={arXiv preprint arXiv:1912.11077},
  year={2019}
}

@article{fu2019deep,
  title={Deep multi-agent reinforcement learning with discrete-continuous hybrid action spaces},
  author={Fu, Haotian and Tang, Hongyao and Hao, Jianye and Lei, Zihan and Chen, Yingfeng and Fan, Changjie},
  journal={arXiv preprint arXiv:1903.04959},
  year={2019}
}